@article{barkan1975,
author="Ömer Lutfi Barkan",
traduttore="Justin McCarthy",
title="The Price Revolution of Sixteenth Century. A Turning Point in the Economic History of near East",
journal="International Journal of Middle East Studies",
volume="6",
number="1",
year=1975,
pages="3-28"
}

@book{bazin1994,
author="Louis Bazin",
title="Introduction à l'étude pratique de la langue turque",
publisher="Librairie d'Amérique et d'Orient",
address="Paris",
year=1994
}

@book{braudel1982,
year=2002,
author="Fernand Braudel",
title="{Civiltà e imperi del Mediterraneo dell'età di Filippo II}",
publisher="Einaudi",
address="Torino",
traduttore="Carlo Pischedda"
}

@article{cizakca1980,
author="Murat Cizakca",
title="Price History and the Silk Bursa Industry: A Study in Ottoman Industrial Decline, 1550-1650",
year=1980,
journal="The Journal of Economic History",
volume="40",
number="3",
pages="533-550"
}

@book{cucari2004,
author="Attilio Cucari",
year=2004,
title="Velieri. Storia e tipologia dei dominatori del mare",
publisher="Mondadori",
address="Milano"
}

@article{horniker1944,
author="Arthur Leon Horniker",
title="The Corps of the Janizaries",
year=1944,
journal="Military Affairs",
volume="8",
number="3",
pages="177-204"
}

@book{lavery2005,
author="Brian Lavery",
title="Navi. 5000 anni di avventure in mare",
publisher="De Agostini",
address="Novara",
year=2005,
traduttore="Sergio Malingher and Simonetta Bertoncini"
}

@book{marsden2003,
author="Peter Marsden",
title="Sealed by Time. The Loss and Recovery of the Mary Rose",
publisher="The Mary Rose Trust",
year=2003,
address="Portsmouth"
}

@book{meydanlarousse,
title="Büyük Lûgat ve Ansiklopedi",
publisher="Meydan-Larousse",
year=1969,
address="İstanbul",
volume="4. Dürb-Gari"
}

@article{ozmucur2002,
author="Süleyman Özmucur and Şevket Pamuk",
title="Real Wages and Standard of Living in the Ottoman Empire, 1489-1914",
journal="The Journal of Economic History",
volume="62",
number="2",
pages="293-321",
year=2002
}

@article{pamuk2001,
author="{Şevket} Pamuk",
title="The Price Revolution in the Ottoman Empire reconsidered",
journal="International Journal of Middle East Studies",
volume="33",
number="1",
year=2001,
pages="69-89"
}

@book{pamuk2000,
author="{Şevket} Pamuk",
title="A Monetary History of the Ottoman Empire",
publisher="Cambridge University Press",
address="Cambridge (UK)",
year=2000
}

@book{pedani1994,
author="Maria Pia Pedani",
title="In nome del Gran Signore. Inviati ottomani a Venezia dalla caduta di Costantinopoli alla guerra di Candia",
publisher="Deputazione Editrice",
address="Venezia",
year=1994
}

@article{pedani2002,
author="Maria Pia Pedani",
title="Elenco degli inviati diplomatici veneziani presso i sovrani ottomani",
journal="Electronic Journal of Oriental Studies",
volume="V",
year=2002,
pages="1-54"
}

@book{redhouse1997,
title="Redhouse Türkçe/Osmanlıca-İngilizce   Sözlük",
editor="V. B. Alkım and N. Antel and R. Avery and J. Eckmann and S. Hurı and F. İz and M. Mansuroğlu and A. Tietze",
address="İstanbul",
publisher="SEV Matbaacılık ve Yayıncılık A. Ş.",
year=1997
}

@thesis{sengor1998,
author="Gökhan Şengör",
title="{Osmanlıdan günümüze Kıbrıs türk arşivciliği}",
organization="Yakın Doğu Üniversitesi",
year=2004,
address="Lefkoşa",
relatori="Habib Derzinevesi",
tipotesi="Yüksek Lisans Tezi"
}

@book{steingass1992,
author="Francis Joseph Steingass",
title = "A Comprehensive Persian-English Dictionary: including the Arabic words and phrases to be met with in Persian literature, being, Johnson and Richardson's Persian, Arabic, and English dictionary",
publisher="Asian Educational Services", 
address="New Delhi", 
year=1992
}

@book{timurtas1999,
title="{Osmanlı Türkçesi Grameri}",
author="Faruk K. Timurtaş",
publisher="Alfa Basım Yayım Dağıtım",
address="İstanbul",
year=1999
}

@book{triulzi1766,
author="Antonio Maria Triulzi",
title="{Bilancio de Pesi, e Misure di tutte le Piazze Mercantili dell'Europa in questa seconda Edizione nuovamente ricorretto}",
publisher="Alvise Valvasense",
address="Venezia",
year=1766
}

@book{okyanus,
author="Pars  Tuğlacı",
title = "Okyanus 20. Yüzyıl Ansiklopedik Türkçe Sözlük",
publisher="Pars Yayınevi", 
address="İstanbul", 
year=1971
}

@book{wehr1994,
author="Hans Wehr",
title = "A Dictionary of Modern Written Arabic (Arabic-English)",
editor="J. Milton Cowan",
publisher="Spoken Language Services, Inc.", 
address="Urbana", 
year=1994
}

@web{websizes,
etichetta="Sizes",
url="http://www.sizes.com/",
title="Sizes"
}

@wikipedia{itmarinogrimani,
lingua="it",
pagina="Marino\_Grimani",
title="Marino Grimani"
}

