@incollection{bertinetto1991,
author="Pier Marco Bertinetto",
title="Il verbo",
pages="13-162",
booktitle="Grande grammatica italiana di consultazione. II. I sintagmi verbale, aggettivale, avverbiale. La subordinazione",
editor="Lorenzo Renzi and Giampaolo Salvi and Anna Cardinaletti",
year=1991,
publisher="Il Mulino",
address="Bologna"
}

@incollection{vanelli1991,
author="Laura Vanelli",
title="La concordanza dei tempi",
pages="611-632",
booktitle="Grande grammatica italiana di consultazione. II. I sintagmi verbale, aggettivale, avverbiale. La subordinazione",
editor="Lorenzo Renzi and Giampaolo Salvi and Anna Cardinaletti",
year=1991,
publisher="Il Mulino",
address="Bologna"
}

@book{simone1990,
author="Raffaele Simone",
title="Fondamenti di linguistica",
publisher="Editori Laterza",
year="1990",
address="Roma-Bari"
}

@article{wolfson1989,
title="The conversational historical present",
author="Nessa Wolfson",
journal="Linx",
year=1989,
volume="20",
number="1",
pages="135-151" 
}

@book{dixon2012c,
author="R. M. W. Dixon",
title="Basic Linguistic Theory. Volume 3. Further grammatical topics",
year=2012,
publisher="Oxford University Press",
address="Oxford"
}

@article{bybee1989,
title="The creation of tense and aspect systems in the languages of the world",
author="Bybee, Joan L and Dahl, {\"O}sten",
year=1989,
journal="Studies in Language",
volume="13",
number="1",
pages="51-103" 
}

@incollection{lindstedt2000,
author="Jouko Lindstedt",
title="The perfect - aspectual, temporal and evidential",
pages="259-383",
booktitle="Tense and Aspect in the Languages of Europe",
editor="Dahl, {\"O}sten",
year=2000,
publisher="Mouton de Gruyter",
address="Berlin - New York"
}

@incollection{lindstedt1983,
author="Jouko Lindstedt",
title="The past is present: notes on the perfect tense",
pages="160-174",
booktitle="Papers from the Seventh Scandinavian Conference of Linguistics. Hanasaari, Finland, December 17-19, 1982. Volume 1",
editor="Fred Karlsson",
year=1983,
publisher="University of Helsinki",
address="Helsinki"
}
